<record><leader>00000cas a22000007a 4500</leader><controlfield tag="001">12298843</controlfield><controlfield tag="008">850724c18719999mouwr ne      0    0eng d</controlfield><datafield ind1=" " ind2=" " tag="010"><subfield code="a">sn 85033873 </subfield></datafield><datafield ind1=" " ind2=" " tag="040"><subfield code="a">NPU</subfield><subfield code="b">eng</subfield><subfield code="c">NPU</subfield><subfield code="d">MQN</subfield><subfield code="d">OCLCQ</subfield></datafield><datafield ind1=" " ind2=" " tag="042"><subfield code="a">msc</subfield></datafield><datafield ind1="0" ind2=" " tag="130"><subfield code="a">California democrat (California, Mo. : 1871)</subfield></datafield><datafield ind1="1" ind2="0" tag="245"><subfield code="a">California democrat.</subfield></datafield><datafield ind1=" " ind2=" " tag="260"><subfield code="a">California, Mo. :</subfield><subfield code="b">Browder &amp; Atkins</subfield></datafield><datafield ind1=" " ind2=" " tag="300"><subfield code="a">v. ;</subfield><subfield code="c">61 cm.</subfield></datafield><datafield ind1=" " ind2=" " tag="310"><subfield code="a">Weekly</subfield></datafield><datafield ind1="1" ind2=" " tag="362"><subfield code="a">Began in 1871?</subfield></datafield><datafield ind1=" " ind2=" " tag="588"><subfield code="a">Description based on: Vol. 1, no. 2 (Jan. 4, 1872).</subfield></datafield><datafield ind1=" " ind2=" " tag="752"><subfield code="a">United States</subfield><subfield code="b">Missouri</subfield><subfield code="c">Moniteau</subfield><subfield code="d">California.</subfield></datafield><datafield ind1="0" ind2="0" tag="780"><subfield code="t">Moniteau County democrat</subfield><subfield code="w">(DLC)sn 89066546</subfield></datafield><datafield ind1="0" ind2="5" tag="780"><subfield code="t">California dispatch</subfield><subfield code="w">(DLC)sn 89066543</subfield></datafield><datafield ind1="0" ind2="5" tag="780"><subfield code="t">Moniteau County herald</subfield><subfield code="w">(DLC)sn 89066548</subfield></datafield></record>